@article{mesirov,
 ISSN = {00368075, 10959203},
 URL = {http://www.jstor.org/stable/40508582},
 author = {Jill P. Mesirov},
 journal = {Science},
 number = {5964},
 pages = {415-416},
 publisher = {American Association for the Advancement of Science},
 title = {Accessible Reproducible Research},
 urldate = {2022-05-01},
 volume = {327},
 year = {2010}
}

@Article{Baker2016,
author={Baker, Monya},
title={1,500 scientists lift the lid on reproducibility},
journal={Nature},
year={2016},
month={May},
day={01},
volume={533},
number={7604},
pages={452-454},
abstract={Survey sheds light on the `crisis' rocking research.},
issn={1476-4687},
doi={10.1038/533452a},
url={https://doi.org/10.1038/533452a}
}

@Article{radiocan,
author={Maxime Bilodeau},
title={Des études trop rapide en temps de COVID?},
journal={Agence Science Presse},
year={2021},
url={https://www.scientifique-en-chef.gouv.qc.ca/impacts/ddr-des-etudes-trop-rapides-en-temps-de-covid/}
}

@Article{ecocash,
author={Environnement et changement climatique Canada},
title={Les investissements fédéraux de 175 millions de dollars dans la nature donnent le coup d’envoi à des projets de conservation dans chaque province et territoire},
year={2019},
url={https://www.canada.ca/fr/environnement-changement-climatique/nouvelles/2019/08/les-investissements-federaux-de-175-millions-de-dollars-dans-la-nature-donnent-le-coup-denvoi-a-des-projets-de-conservation-dans-chaque-province-et.html}
}

@article{covidcash,
author={Instituts de recherche en santé Canada},
title={Investissements des IRSC liés à la COVID-19 : les chiffres},
journal={Agence Science Presse},
year={2022},
url={https://cihr-irsc.gc.ca/f/52447.html}
}

@Article{Poisot2013,
author={Poisot, Timothee
and Mounce, Ross
and Gravel, Dominique},
title={Moving toward a sustainable ecological science: don't let data go to waste!},
journal={Ideas in Ecology and Evolution},
year={2013},
volume={6},
number={2},
doi={10.4033/iee.2013.6b.14.f},
url={https://doi.org/10.4033/iee.2013.6b.14.f}
}

@article{exxon,
author={Shannon Hall},
title={Exxon Knew about Climate Change almost 40 years ago},
journal={Scientific American},
year={2015},
url={https://cihr-irsc.gc.ca/f/52447.html}
}

