@article{edwards2017academic,
  title={Academic research in the 21st century: Maintaining scientific integrity in a climate of perverse incentives and hypercompetition},
  author={Edwards, Marc A and Roy, Siddhartha},
  journal={Environmental engineering science},
  volume={34},
  number={1},
  pages={51--61},
  year={2017},
  publisher={Mary Ann Liebert, Inc. 140 Huguenot Street, 3rd Floor New Rochelle, NY 10801 USA}
}

@article{ioannidis2005most,
  title={Why most published research findings are false},
  author={Ioannidis, John PA},
  journal={PLoS medicine},
  volume={2},
  number={8},
  pages={e124},
  year={2005},
  publisher={Public Library of Science}
}

@article{grimes2018modelling,
  title={Modelling science trustworthiness under publish or perish pressure},
  author={Grimes, David Robert and Bauch, Chris T and Ioannidis, John PA},
  journal={Royal Society open science},
  volume={5},
  number={1},
  pages={171511},
  year={2018},
  publisher={The Royal Society Publishing}
}

@article{francca2019read,
  title={To read more papers, or to read papers better? A crucial point for the reproducibility crisis},
  author={Fran{\c{c}}a, Thiago FA and Monserrat, Jos{\'e} M},
  journal={BioEssays},
  volume={41},
  number={1},
  pages={1800206},
  year={2019},
  publisher={Wiley Online Library}
}

@misc{fang2015competitive,
  title={Competitive science: is competition ruining science?},
  author={Fang, Ferric C and Casadevall, Arturo},
  journal={Infection and immunity},
  volume={83},
  number={4},
  pages={1229--1233},
  year={2015},
  publisher={Am Soc Microbiol}
}

@article{carpenter2014using,
  title={Using publication metrics to highlight academic productivity and research impact},
  author={Carpenter, Christopher R and Cone, David C and Sarli, Cathy C},
  journal={Academic emergency medicine},
  volume={21},
  number={10},
  pages={1160--1172},
  year={2014},
  publisher={Wiley Online Library}
}

@article{baker20161,
  title={1,500 scientists lift the lid on reproducibility},
  author={Baker, Monya},
  journal={Nature},
  volume={533},
  number={7604},
  year={2016}
}

@article{khalifa2021fast,
  title={How fast is the peer-review process for orthopaedic publications related to the Covid-19 pandemic?},
  author={Khalifa, Ahmed A and Ahmed, Ahmed M},
  journal={Journal of clinical orthopaedics and trauma},
  volume={12},
  number={1},
  pages={9--15},
  year={2021},
  publisher={Elsevier}
}
